%% This BibTeX bibliography file was created using BibDesk.
%---------------------------------------------------------------------------------
@article{czekala15,
  author        = {{Czekala}, I. and {Andrews}, S.~M. and {Mandel}, K.~S. and {Hogg}, D.~W. and
                   {Green}, G.~M.},
  title         = {{Constructing a Flexible Likelihood Function for Spectroscopic Inference}},
  journal       = {\apj},
  archiveprefix = {arXiv},
  eprint        = {1412.5177},
  primaryclass  = {astro-ph.SR},
  keywords      = {methods: data analysis, methods: statistical, stars: fundamental parameters, stars: late-type, stars: statistics, techniques: spectroscopic},
  year          = 2015,
  month         = oct,
  volume        = 812,
  eid           = {128},
  pages         = {128},
  doi           = {10.1088/0004-637X/812/2/128},
  adsurl        = {http://adsabs.harvard.edu/abs/2015ApJ...812..128C},
  adsnote       = {Provided by the SAO/NASA Astrophysics Data System}
}

@inproceedings{park14,
  author    = {{Park}, C. and {Jaffe}, D.~T. and {Yuk}, I.-S. and {Chun}, M.-Y. and
               {Pak}, S. and {Kim}, K.-M. and {Pavel}, M. and {Lee}, H. and
               {Oh}, H. and {Jeong}, U. and {Sim}, C.~K. and {Lee}, H.-I. and
               {Nguyen Le}, H.~A. and {Strubhar}, J. and {Gully-Santiago}, M. and
               {Oh}, J.~S. and {Cha}, S.-M. and {Moon}, B. and {Park}, K. and
               {Brooks}, C. and {Ko}, K. and {Han}, J.-Y. and {Nah}, J. and
               {Hill}, P.~C. and {Lee}, S. and {Barnes}, S. and {Yu}, Y.~S. and
               {Kaplan}, K. and {Mace}, G. and {Kim}, H. and {Lee}, J.-J. and
               {Hwang}, N. and {Park}, B.-G.},
  title     = {{Design and early performance of IGRINS (Immersion Grating Infrared Spectrometer)}},
  booktitle = {Society of Photo-Optical Instrumentation Engineers (SPIE) Conference Series},
  year      = 2014,
  series    = {Society of Photo-Optical Instrumentation Engineers (SPIE) Conference Series},
  volume    = 9147,
  month     = jul,
  eid       = {91471D},
  pages     = {1},
  doi       = {10.1117/12.2056431},
  adsurl    = {http://adsabs.harvard.edu/abs/2014SPIE.9147E..1DP},
  adsnote   = {Provided by the SAO/NASA Astrophysics Data System}
}

@inproceedings{2018SPIE10702E..0QM,
  author    = {{Mace}, Gregory and {Sokal}, Kimberly and {Lee}, Jae-Joon and {Oh}, Heeyoung and {Park}, Chan and {Lee}, Hanshin and {Good}, John and {MacQueen}, Phillip and {Oh}, Jae Sok and {Kaplan}, Kyle and {Kidder}, Ben and {Chun}, Moo-Young and {Yuk}, In-Soo and {Jeong}, Ueejeong and {Pak}, Soojong and {Kim}, Kang-Min and {Nah}, Jakyoung and {Lee}, Sungho and {Yu}, Young-Sam and {Hwang}, Narae and {Park}, Byeong-Gon and {Kim}, Hwihyun and {Chinn}, Brian and {Peck}, Alison and {Diaz}, Ruben and {Rutten}, Rene and {Prato}, Lisa and {Jacoby}, George and {Cornelius}, Frank and {Hardesty}, Ben and {DeGroff}, William and {Dunham}, Edward and {Levine}, Stephen and {Nofi}, Larissa and {Lopez-Valdivia}, Ricardo and {Weinberger}, Alycia J. and {Jaffe}, Daniel T.},
  title     = {{IGRINS at the Discovery Channel Telescope and Gemini South}},
  booktitle = {Ground-based and Airborne Instrumentation for Astronomy VII},
  year      = 2018,
  editor    = {{Evans}, Christopher J. and {Simard}, Luc and {Takami}, Hideki},
  series    = {Society of Photo-Optical Instrumentation Engineers (SPIE) Conference Series},
  volume    = {10702},
  month     = jul,
  eid       = {107020Q},
  pages     = {107020Q},
  doi       = {10.1117/12.2312345},
  adsurl    = {https://ui.adsabs.harvard.edu/abs/2018SPIE10702E..0QM},
  adsnote   = {Provided by the SAO/NASA Astrophysics Data System}
}

@inproceedings{1998SPIE.3354..566M,
  author    = {{McLean}, Ian S. and {Becklin}, Eric E. and {Bendiksen}, Oddvar and
               {Brims}, George and {Canfield}, John and {Figer}, Donald F. and
               {Graham}, James R. and {Hare}, Jonah and {Lacayanga}, Fred and
               {Larkin}, James E. and {Larson}, Samuel B. and {Levenson}, Nancy and
               {Magnone}, Nick and {Teplitz}, Harry and {Wong}, Woon},
  title     = {{Design and development of NIRSPEC: a near-infrared echelle spectrograph for the Keck II telescope}},
  booktitle = {Infrared Astronomical Instrumentation},
  year      = {1998},
  editor    = {{Fowler}, Albert M.},
  series    = {Society of Photo-Optical Instrumentation Engineers (SPIE) Conference Series},
  volume    = {3354},
  month     = {Aug},
  pages     = {566-578},
  doi       = {10.1117/12.317283},
  adsurl    = {https://ui.adsabs.harvard.edu/abs/1998SPIE.3354..566M},
  adsnote   = {Provided by the SAO/NASA Astrophysics Data System}
}


@inproceedings{2000SPIE.4008.1048M,
  author    = {{McLean}, Ian S. and {Graham}, James R. and {Becklin}, Eric E. and
               {Figer}, Donald F. and {Larkin}, James E. and {Levenson}, N.~A. and
               {Teplitz}, Harry I.},
  title     = {{Performance and results with the NIRSPEC echelle spectrograph on the Keck II telescope}},
  booktitle = {Optical and IR Telescope Instrumentation and Detectors},
  year      = {2000},
  editor    = {{Iye}, Masanori and {Moorwood}, Alan F.},
  series    = {Society of Photo-Optical Instrumentation Engineers (SPIE) Conference Series},
  volume    = {4008},
  month     = {Aug},
  pages     = {1048-1055},
  doi       = {10.1117/12.395422},
  adsurl    = {https://ui.adsabs.harvard.edu/abs/2000SPIE.4008.1048M},
  adsnote   = {Provided by the SAO/NASA Astrophysics Data System}
}





@article{2018A&A...620A..47D,
  author        = {{Dumusque}, X.},
  title         = {{Measuring precise radial velocities on individual spectral lines. I. Validation of the method and application to mitigate stellar activity}},
  journal       = {\aap},
  archiveprefix = {arXiv},
  eprint        = {1809.01548},
  primaryclass  = {astro-ph.SR},
  keywords      = {techniques: radial velocities, techniques: spectroscopic, stars: activity, stars: individual: HD10700, stars: individual: HD128621, stars: individual: HD10180},
  year          = 2018,
  month         = nov,
  volume        = 620,
  eid           = {A47},
  pages         = {A47},
  doi           = {10.1051/0004-6361/201833795},
  adsurl        = {http://adsabs.harvard.edu/abs/2018A%26A...620A..47D},
  adsnote       = {Provided by the SAO/NASA Astrophysics Data System}
}




@article{harris2020array,
  title     = {Array programming with {NumPy}},
  author    = {Charles R. Harris and K. Jarrod Millman and St{'{e}}fan J.
               van der Walt and Ralf Gommers and Pauli Virtanen and David
               Cournapeau and Eric Wieser and Julian Taylor and Sebastian
               Berg and Nathaniel J. Smith and Robert Kern and Matti Picus
               and Stephan Hoyer and Marten H. van Kerkwijk and Matthew
               Brett and Allan Haldane and Jaime Fern{'{a}}ndez del
               R{'{\i}}o and Mark Wiebe and Pearu Peterson and Pierre
               G{'{e}}rard-Marchant and Kevin Sheppard and Tyler Reddy and
               Warren Weckesser and Hameer Abbasi and Christoph Gohlke and
               Travis E. Oliphant},
  year      = {2020},
  month     = sep,
  journal   = {Nature},
  volume    = {585},
  number    = {7825},
  pages     = {357--362},
  doi       = {10.1038/s41586-020-2649-2},
  publisher = {Springer Science and Business Media {LLC}},
  url       = {https://doi.org/10.1038/s41586-020-2649-2}
}

@incollection{NEURIPS2019_9015,
  title     = {PyTorch: An Imperative Style, High-Performance Deep Learning Library},
  author    = {Paszke, Adam and Gross, Sam and Massa, Francisco and Lerer, Adam and Bradbury, James and Chanan, Gregory and Killeen, Trevor and Lin, Zeming and Gimelshein, Natalia and Antiga, Luca and Desmaison, Alban and Kopf, Andreas and Yang, Edward and DeVito, Zachary and Raison, Martin and Tejani, Alykhan and Chilamkurthy, Sasank and Steiner, Benoit and Fang, Lu and Bai, Junjie and Chintala, Soumith},
  booktitle = {Advances in Neural Information Processing Systems 32},
  editor    = {H. Wallach and H. Larochelle and A. Beygelzimer and F. d\textquotesingle Alch\'{e}-Buc and E. Fox and R. Garnett},
  pages     = {8024--8035},
  year      = {2019},
  publisher = {Curran Associates, Inc.},
  url       = {http://papers.neurips.cc/paper/9015-pytorch-an-imperative-style-high-performance-deep-learning-library.pdf}
}

@software{reback2020pandas,
  author    = {The pandas development team},
  title     = {pandas-dev/pandas: Pandas},
  month     = feb,
  year      = 2020,
  publisher = {Zenodo},
  version   = {latest},
  doi       = {10.5281/zenodo.3509134},
  url       = {https://doi.org/10.5281/zenodo.3509134}
}

@article{astroplan2018,
  author        = {{Morris}, B.~M. and {Tollerud}, E. and {Sip{\H o}cz}, B. and
                   {Deil}, C. and {Douglas}, S.~T. and {Berlanga Medina}, J. and
                   {Vyhmeister}, K. and {Smith}, T.~R. and {Littlefair}, S. and
                   {Price-Whelan}, A.~M. and {Gee}, W.~T. and {Jeschke}, E.},
  title         = {{astroplan: An Open Source Observation Planning Package in Python}},
  journal       = {\aj},
  archiveprefix = {arXiv},
  eprint        = {1712.09631},
  primaryclass  = {astro-ph.IM},
  keywords      = {methods: numerical, methods: observational },
  year          = 2018,
  month         = mar,
  volume        = 155,
  eid           = {128},
  pages         = {128},
  doi           = {10.3847/1538-3881/aaa47e},
  adsurl        = {http://adsabs.harvard.edu/abs/2018AJ....155..128M},
  adsnote       = {Provided by the SAO/NASA Astrophysics Data System}
}

@misc{exoplanet:exoplanet,
  author = {Daniel Foreman-Mackey and Arjun Savel and Rodrigo Luger and
            Ian Czekala and Eric Agol and Adrian Price-Whelan and
            Emily Gilbert and Timothy D. Brandt and Tom Barclay and Luke Bouma},
  title  = {exoplanet-dev/exoplanet v0.4.4},
  month  = jan,
  year   = 2021,
  doi    = {10.5281/zenodo.1998447},
  url    = {https://doi.org/10.5281/zenodo.1998447}
}

@article{exoplanet:astropy18,
  author  = {{Astropy Collaboration} and {Price-Whelan}, A.~M. and
             {Sip{\H o}cz}, B.~M. and {G{\"u}nther}, H.~M. and {Lim}, P.~L. and
             {Crawford}, S.~M. and {Conseil}, S. and {Shupe}, D.~L. and
             {Craig}, M.~W. and {Dencheva}, N. and {Ginsburg}, A. and
             {VanderPlas}, J.~T. and {Bradley}, L.~D. and
             {P{\'e}rez-Su{\'a}rez}, D. and {de Val-Borro}, M.
             and {Aldcroft}, T.~L. and {Cruz}, K.~L. and {Robitaille}, T.~P.
             and {Tollerud}, E.~J. and {Ardelean}, C. and {Babej}, T. and
             {Bach}, Y.~P. and {Bachetti}, M. and {Bakanov}, A.~V. and
             {Bamford}, S.~P. and {Barentsen}, G. and {Barmby}, P. and
             {Baumbach}, A. and {Berry}, K.~L.  and {Biscani}, F. and
             {Boquien}, M. and {Bostroem}, K.~A. and {Bouma}, L.~G. and
             {Brammer}, G.~B. and {Bray}, E.~M. and {Breytenbach}, H. and
             {Buddelmeijer}, H. and {Burke}, D.~J. and {Calderone}, G. and
             {Cano Rodr{\'{\i}}guez}, J.~L. and {Cara}, M. and {Cardoso},
             J.~V.~M. and {Cheedella}, S. and {Copin}, Y. and {Corrales}, L.
             and {Crichton}, D. and {D'Avella}, D. and {Deil}, C. and
             {Depagne}, {\'E}. and {Dietrich}, J.~P. and {Donath}, A. and
             {Droettboom}, M. and {Earl}, N. and {Erben}, T. and {Fabbro}, S.
             and {Ferreira}, L.~A. and {Finethy}, T. and {Fox}, R.~T. and
             {Garrison}, L.~H. and {Gibbons}, S.~L.~J. and {Goldstein}, D.~A.
             and {Gommers}, R. and {Greco}, J.~P. and {Greenfield}, P. and
             {Groener}, A.~M. and {Grollier}, F. and {Hagen}, A. and {Hirst},
             P. and {Homeier}, D. and {Horton}, A.~J. and {Hosseinzadeh}, G.
             and {Hu}, L. and {Hunkeler}, J.~S. and {Ivezi{\'c}}, {\v Z}. and
             {Jain}, A. and {Jenness}, T. and {Kanarek}, G. and {Kendrew}, S.
             and {Kern}, N.~S. and {Kerzendorf}, W.~E. and {Khvalko}, A. and
             {King}, J. and {Kirkby}, D. and {Kulkarni}, A.~M. and {Kumar}, A.
             and {Lee}, A.  and {Lenz}, D.  and {Littlefair}, S.~P. and {Ma},
             Z. and {Macleod}, D.~M. and {Mastropietro}, M. and {McCully}, C.
             and {Montagnac}, S. and {Morris}, B.~M. and {Mueller}, M. and
             {Mumford}, S.~J. and {Muna}, D. and {Murphy}, N.~A. and {Nelson},
             S. and {Nguyen}, G.~H. and {Ninan}, J.~P. and {N{\"o}the}, M. and
             {Ogaz}, S. and {Oh}, S. and {Parejko}, J.~K.  and {Parley}, N. and
             {Pascual}, S. and {Patil}, R. and {Patil}, A.~A.  and {Plunkett},
             A.~L. and {Prochaska}, J.~X. and {Rastogi}, T. and {Reddy Janga},
             V. and {Sabater}, J.  and {Sakurikar}, P. and {Seifert}, M. and
             {Sherbert}, L.~E. and {Sherwood-Taylor}, H. and {Shih}, A.~Y. and
             {Sick}, J. and {Silbiger}, M.~T. and {Singanamalla}, S. and
             {Singer}, L.~P. and {Sladen}, P.~H. and {Sooley}, K.~A. and
             {Sornarajah}, S. and {Streicher}, O. and {Teuben}, P. and
             {Thomas}, S.~W. and {Tremblay}, G.~R. and {Turner}, J.~E.~H. and
             {Terr{\'o}n}, V.  and {van Kerkwijk}, M.~H. and {de la Vega}, A.
             and {Watkins}, L.~L. and {Weaver}, B.~A. and {Whitmore}, J.~B. and
             {Woillez}, J.  and {Zabalza}, V. and {Astropy Contributors}},
  title   = {{The Astropy Project: Building an Open-science Project and Status
             of the v2.0 Core Package}},
  journal = {\aj},
  year    = 2018,
  month   = sep,
  volume  = 156,
  pages   = {123},
  doi     = {10.3847/1538-3881/aabc4f},
  adsurl  = {http://adsabs.harvard.edu/abs/2018AJ....156..123A},
  adsnote = {Provided by the SAO/NASA Astrophysics Data System}
}

@article{exoplanet:astropy13,
  author  = {{Astropy Collaboration} and {Robitaille}, T.~P. and {Tollerud},
             E.~J. and {Greenfield}, P. and {Droettboom}, M. and {Bray}, E. and
             {Aldcroft}, T. and {Davis}, M. and {Ginsburg}, A. and
             {Price-Whelan}, A.~M. and {Kerzendorf}, W.~E. and {Conley}, A. and
             {Crighton}, N. and {Barbary}, K. and {Muna}, D. and {Ferguson}, H.
             and {Grollier}, F. and {Parikh}, M.~M. and {Nair}, P.~H. and
             {Unther}, H.~M. and {Deil}, C. and {Woillez}, J. and {Conseil}, S.
             and {Kramer}, R. and {Turner}, J.~E.~H. and {Singer}, L. and
             {Fox}, R. and {Weaver}, B.~A. and {Zabalza}, V. and {Edwards},
             Z.~I. and {Azalee Bostroem}, K. and {Burke}, D.~J. and {Casey},
             A.~R. and {Crawford}, S.~M. and {Dencheva}, N. and {Ely}, J. and
             {Jenness}, T. and {Labrie}, K. and {Lim}, P.~L. and
             {Pierfederici}, F. and {Pontzen}, A. and {Ptak}, A. and {Refsdal},
             B. and {Servillat}, M. and {Streicher}, O.},
  title   = {{Astropy: A community Python package for astronomy}},
  journal = {\aap},
  year    = 2013,
  month   = oct,
  volume  = 558,
  pages   = {A33},
  doi     = {10.1051/0004-6361/201322068},
  adsurl  = {http://adsabs.harvard.edu/abs/2013A%26A...558A..33A},
  adsnote = {Provided by the SAO/NASA Astrophysics Data System}
}



@article{2019AJ....158..164B,
  author        = {{Bedell}, Megan and {Hogg}, David W. and {Foreman-Mackey}, Daniel and {Montet}, Benjamin T. and {Luger}, Rodrigo},
  title         = {{WOBBLE: A Data-driven Analysis Technique for Time-series Stellar Spectra}},
  journal       = {\aj},
  keywords      = {atmospheric effects, methods: data analysis, planets and satellites: detection, stars: individual: 51 Pegasi, Barnard's Star, HD 189733, techniques: radial velocities, Astrophysics - Instrumentation and Methods for Astrophysics, Astrophysics - Earth and Planetary Astrophysics, Astrophysics - Solar and Stellar Astrophysics},
  year          = 2019,
  month         = oct,
  volume        = {158},
  number        = {4},
  eid           = {164},
  pages         = {164},
  doi           = {10.3847/1538-3881/ab40a7},
  archiveprefix = {arXiv},
  eprint        = {1901.00503},
  primaryclass  = {astro-ph.IM},
  adsurl        = {https://ui.adsabs.harvard.edu/abs/2019AJ....158..164B},
  adsnote       = {Provided by the SAO/NASA Astrophysics Data System}
}


@inproceedings{2012SPIE.8446E..1SM,
  author        = {{Mahadevan}, Suvrath and {Ramsey}, Lawrence and {Bender}, Chad and {Terrien}, Ryan and {Wright}, Jason T. and {Halverson}, Sam and {Hearty}, Fred and {Nelson}, Matt and {Burton}, Adam and {Redman}, Stephen and {Osterman}, Steven and {Diddams}, Scott and {Kasting}, James and {Endl}, Michael and {Deshpande}, Rohit},
  title         = {{The habitable-zone planet finder: a stabilized fiber-fed NIR spectrograph for the Hobby-Eberly Telescope}},
  keywords      = {Astrophysics - Earth and Planetary Astrophysics, Astrophysics - Instrumentation and Methods for Astrophysics},
  booktitle     = {Ground-based and Airborne Instrumentation for Astronomy IV},
  year          = 2012,
  editor        = {{McLean}, Ian S. and {Ramsay}, Suzanne K. and {Takami}, Hideki},
  series        = {Society of Photo-Optical Instrumentation Engineers (SPIE) Conference Series},
  volume        = {8446},
  month         = sep,
  eid           = {84461S},
  pages         = {84461S},
  doi           = {10.1117/12.926102},
  archiveprefix = {arXiv},
  eprint        = {1209.1686},
  primaryclass  = {astro-ph.EP},
  adsurl        = {https://ui.adsabs.harvard.edu/abs/2012SPIE.8446E..1SM},
  adsnote       = {Provided by the SAO/NASA Astrophysics Data System}
}

